@article{BraZha04,
	author = {Peter Braido and Xudong Zhang},
	title = {Quantitative analysis of finger motion coordination in hand manipulative and gestic acts},
	year = {2004},
	journal = {Human Movement Science},
	volume = {22},
	number = {6},
	pages = {661--678},
}

@article{ChaHod05,
	author = {Jinxiang Chai and Jessica K. Hodgins},
	title = {Performance Animation from Low-dimensional Control Signals},
	journal = {ACM Transactions on Graphics},
	year = {2005},
	volume = {24},
	pages = {686--696},
}

@inproceedings{ChaPolXin07,
	author = {Lillian Y. Chang and Nancy Pollard and Tom Mitchell and Eric P. Xing},
	title = {Feature Selection for Grasp Recognition from Optical Markers},
	booktitle = {IEEE/RSJ International Conference on Intelligent Robots and Systems},
	pages = {2944--2950},
	year = {2007},
}

@inproceedings{CioGolAll07,
	title = {Dimensionality reduction for hand-independent dexterous robotic grasping},
	author = {Matei Ciocarlie and Corey Goldfeder and Peter Allen},
	year = {2007},
	pages = {3270--3275},
	booktitle = {Intelligent Robots and Systems},
}

@inproceedings{CouGib10,
	author = {Nicolas Courty and Sylvie Gibet},
	title = {Why is the creation of a virtual signer challenging computer animation?},
	booktitle = {Proceedings of the Third international conference on Motion in games},
	series = {MIG'10},
	year = {2010},
	isbn = {3-642-16957-0, 978-3-642-16957-1},
	location = {Utrecht, The Netherlands},
	pages = {290--300},
	numpages = {11},
	url = {http://dl.acm.org/citation.cfm?id=1948395.1948433},
	acmid = {1948433},
	publisher = {Springer-Verlag},
	address = {Berlin, Heidelberg},
} 

@misc{Cyb13,
	title = {http://www.cyberglove\-sys\-tems.com\-/products/cyberglove-III/overview},
	author = {{CyberGlove Systems}},
	year = {2013},
}

@inproceedings{HoyRyaOSu11,
	author = {Ludovic Hoyet and Kenneth Ryall and Rachel McDonnell and Carol O'Sullivan},
	title = {Sleight of hand: perception of finger motion from reduced marker sets},
	booktitle = {Proceedings of the ACM SIGGRAPH Symposium on Interactive 3D Graphics and Games},
	series = {I3D '12},
	year = {2012},
	isbn = {978-1-4503-1194-6},
	location = {Costa Mesa, California},
	pages = {79--86},
	numpages = {8},
	url = {http://doi.acm.org/10.1145/2159616.2159630},
	doi = {10.1145/2159616.2159630},
	acmid = {2159630},
	keywords = {finger animation, motion capture, perception},
} 

@inproceedings{JoeHodOSu10,
	author = {Sophie J{\"o}rg and Jessica Hodgins and Carol O'Sullivan},
	title = {The perception of finger motions},
	year = {2010},
	booktitle = {Proceedings of the 7th ACM Symposium on Applied Perception in Graphics and Visualization (APGV 2010)},
	pages = {129--133},
	location = {Los Angeles, California},
	isbn = {978-1-4503-0248-7},
	doi = {http://doi.acm.org/10.1145/1836248.1836273},
}

@article{JoeHodSaf12,
	author = {Sophie J{\"o}rg and Jessica K. Hodgins and Alla Safonova},
	title = {Data-driven Finger Motion Synthesis for Gesturing Characters},
	year = {2012},
	journal = {ACM Transactions on Graphics (SIGGRAPH Asia)},
	volume = {31},
	number = {6},
	pages = {189:1--189:7},
	month = {November},
	issn = {0730-0301},
	doi = {http://doi.acm.org/10.1145/2366145.2366208},
	publisher = {ACM},
	address = {New York, NY, USA},
}

@inproceedings{JoeOSu09,
	author = {Sophie J{\"o}rg and Carol O'Sullivan},
	title = {Exploring the Dimensionality of Finger Motion},
	year = {2009},
	booktitle = {Proceedings of the 9th Eurographics Ireland Workshop (EGIE 2009)},
	pages = {1--11},
	month = {December 11},
	location = {Dublin, Ireland},
	issn = {1649-1807},
}

@inproceedings{KahZacKle04,
	author = {Ferenc Kahlesz and Gabriel Zachmann and Reinhard Klein},
	title = {{'Visual-}Fidelity' Dataglove Calibration},
	booktitle = {Proceedings of the Computer Graphics International},
	series = {CGI '04},
	year = {2004},
	isbn = {0-7695-2171-1},
	pages = {403--410},
	numpages = {8},
	url = {http://dx.doi.org/10.1109/CGI.2004.1},
	doi = {10.1109/CGI.2004.1},
	acmid = {1009624},
	publisher = {IEEE Computer Society},
	address = {Washington, DC, USA},
} 

@incollection{KanWheZor12,
	title = {Automatic hand-over animation for free-hand motions from low resolution input},
	author = {Chris Kang and Nkenge Wheatland and Michael Neff and Victor Zordan},
	booktitle = {Motion in Games},
	pages = {244--253},
	year = {2012},
	publisher = {Springer Berlin Heidelberg},
}


@inproceedings{MajZorFal06,
	author = {Anna Majkowska and Victor B. Zordan and Petros Faloutsos},
	title = {Automatic splicing for hand and body animations},
	booktitle = {Proceedings of the 2006 ACM SIGGRAPH/Eurographics symposium on Computer animation},
	series = {SCA '06},
	year = {2006},
	isbn = {3-905673-34-7},
	location = {Vienna, Austria},
	pages = {309--316},
	numpages = {8},
	url = {http://dl.acm.org/citation.cfm?id=1218064.1218106},
	acmid = {1218106},
	publisher = {Eurographics Association},
	address = {Aire-la-Ville, Switzerland, Switzerland},
} 

@inproceedings{RijGir91,
	author = {Rijpkema, Hans and Girard, Michael},
	title = {Computer animation of knowledge-based human grasping},
	booktitle = {Proceedings of the 18th annual conference on Computer graphics and interactive techniques},
	series = {SIGGRAPH '91},
	year = {1991},
	isbn = {0-89791-436-8},
	pages = {339--348},
	numpages = {10},
	url = {http://doi.acm.org/10.1145/122718.122754},
	doi = {10.1145/122718.122754},
	acmid = {122754},
	publisher = {ACM},
	address = {New York, NY, USA},
	keywords = {animation, grasp planning, robotics},
} 

@inproceedings{SafHodPol04,
	author = {Alla Safonova and Jessica K. Hodgins and Nancy S. Pollard},
	title = {Synthesizing physically realistic human motion in low-dimensional, behavior-specific spaces},
	booktitle = {ACM Transactions on Graphics},
	year = {2004},
	pages = {514--521},
	location = {Los Angeles, California},
	doi = {http://doi.acm.org/10.1145/1186562.1015754},
}

@article{SanFlaSoe98,
	title={Postural hand synergies for tool use},
	author={Marco Santello and Martha Flanders and John F Soechting},
	journal={The Journal of Neuroscience},
	volume={18},
	number={23},
	pages={10105--10115},
	year={1998},
	publisher={Soc Neuroscience}
}

@article{WanPop09,
	author = {Robert Y. Wang and Jovan Popovi\'{c}},
	title = {Real-time hand-tracking with a color glove},
	journal = {ACM Transactions on Graphics},
	volume = {28},
	number = {3},
	year = {2009},
	issn = {0730-0301},
	pages = {1--8},
	doi = {http://doi.acm.org/10.1145/1531326.1531369},
}

@article{YeLiu12,
	author = {Yuting Ye and C. Karen Liu},
	title = {Synthesis of detailed hand manipulations using contact sampling},
	journal = {ACM Transactions on Graphics},
	issue_date = {July 2012},
	volume = {31},
	number = {4},
	month = {July},
	year = {2012},
	issn = {0730-0301},
	pages = {41:1--41:10},
	articleno = {41},
	numpages = {10},
	url = {http://doi.acm.org/10.1145/2185520.2185537},
	doi = {10.1145/2185520.2185537},
	acmid = {2185537},
	publisher = {ACM},
	address = {New York, NY, USA},
	keywords = {motion capture, motion planning, physics-based simulation},
}

@inproceedings{ZhaChaXu12,
	author = {Wenping Zhao and Jinxiang Chai and Ying-Qing Xu},
	title = {Combining marker-based mocap and {RGB-D} camera for acquiring high-fidelity hand motion data},
	booktitle = {Proceedings of the 11th ACM SIGGRAPH / Eurographics conference on Computer Animation},
	series = {EUROSCA'12},
	year = {2012},
	isbn = {978-3-905674-37-8},
	location = {Lausanne, Switzerland},
	pages = {33--42},
	numpages = {10},
	url = {http://dx.doi.org/10.2312/SCA/SCA12/033-042},
	doi = {10.2312/SCA/SCA12/033-042},
	acmid = {2421738},
	publisher = {Eurographics Association},
	address = {Aire-la-Ville, Switzerland, Switzerland},
}



@inproceedings{JinHahn05,
 author = {Jin, Ge and Hahn, James},
 title = {Adding hand motion to the motion capture based character animation},
 booktitle = {Proceedings of the First international conference on Advances in Visual Computing},
 series = {ISVC'05},
 year = {2005},
 isbn = {3-540-30750-8, 978-3-540-30750-1},
 location = {Lake Tahoe, NV},
 pages = {17--24},
 numpages = {8},
 url = {http://dx.doi.org/10.1007/11595755_3},
 doi = {10.1007/11595755_3},
 acmid = {2113116},
 publisher = {Springer-Verlag},
 address = {Berlin, Heidelberg},
} 

@article{Iberall97,
author = {Iberall, Thea}, 
title = {Human Prehension and Dexterous Robot Hands},
volume = {16}, 
number = {3}, 
pages = {285-299}, 
year = {1997}, 
doi = {10.1177/027836499701600302}, 
journal = {The International Journal of Robotics Research} 
}

@inproceedings{Albrecht03,
 author = {Albrecht, Irene and Haber, J\"{o}rg and Seidel, Hans-Peter},
 title = {Construction and animation of anatomically based human hand models},
 booktitle = {Proceedings of the 2003 ACM SIGGRAPH/Eurographics symposium on Computer animation},
 series = {SCA '03},
 year = {2003},
 isbn = {1-58113-659-5},
 location = {San Diego, California},
 pages = {98--109},
 numpages = {12},
 url = {http://dl.acm.org/citation.cfm?id=846276.846290},
 acmid = {846290},
 publisher = {Eurographics Association},
 address = {Aire-la-Ville, Switzerland, Switzerland},
} 

@article{Sueda08,
 author = {Sueda, Shinjiro and Kaufman, Andrew and Pai, Dinesh K.},
 title = {Musculotendon simulation for hand animation},
 journal = {ACM Trans. Graph.},
 issue_date = {August 2008},
 volume = {27},
 number = {3},
 month = {August},
 year = {2008},
 issn = {0730-0301},
 pages = {83:1--83:8},
 articleno = {83},
 numpages = {8},
 url = {http://doi.acm.org/10.1145/1360612.1360682},
 doi = {10.1145/1360612.1360682},
 acmid = {1360682},
 publisher = {ACM},
 address = {New York, NY, USA},
 keywords = {character animation, musculoskeletal simulation, secondary motion},
} 

@book{bishopPCA,
 author = {Bishop, Christopher M.},
 title = {Neural Networks for Pattern Recognition},
 year = {1995},
 isbn = {0198538642},
 publisher = {Oxford University Press, Inc.},
 address = {New York, NY, USA},
}
